<collection xmlns="http://www.loc.gov/MARC21/slim"><record><leader>00844nam  2200265   450</leader><controlfield tag="001">491</controlfield><controlfield tag="003">http://montalegre.opacnet.com/OPAC/default.aspx?ContentAreaControl=ShowRegHoldings.ascx&amp;RegNo=16662</controlfield><datafield tag="010" ind1=" " ind2=" "><subfield code="a">972-1-01243-2</subfield></datafield><datafield tag="021" ind1=" " ind2=" "><subfield code="a">PT</subfield><subfield code="b">71899/93</subfield></datafield><datafield tag="100" ind1=" " ind2=" "><subfield code="a">19990715d1993    m  y0pory010305  ba</subfield></datafield><datafield tag="101" ind1="1" ind2=" "><subfield code="a">por</subfield><subfield code="c">eng</subfield></datafield><datafield tag="102" ind1=" " ind2=" "><subfield code="a">PT</subfield></datafield><datafield tag="105" ind1=" " ind2=" "><subfield code="a">y   z   000ay</subfield></datafield><datafield tag="106" ind1=" " ind2=" "><subfield code="a">r</subfield></datafield><datafield tag="200" ind1="1" ind2=" "><subfield code="a">&lt;O &gt;jardim do Éden</subfield><subfield code="f">Ernest Hemingway</subfield><subfield code="g">trad. Ana Maria Sampaio</subfield></datafield><datafield tag="205" ind1=" " ind2=" "><subfield code="a">2ª ed</subfield></datafield><datafield tag="210" ind1=" " ind2=" "><subfield code="a">Mem Martins</subfield><subfield code="c">Europa-América</subfield><subfield code="d">D.L. 1993</subfield></datafield><datafield tag="215" ind1=" " ind2=" "><subfield code="a">182, [1]</subfield><subfield code="d">21 cm</subfield></datafield><datafield tag="225" ind1="2" ind2=" "><subfield code="a">Século XX</subfield><subfield code="v">288</subfield></datafield><datafield tag="304" ind1=" " ind2=" "><subfield code="a">Tit. orig. : The garden of Eden</subfield></datafield><datafield tag="675" ind1=" " ind2=" "><subfield code="a">820(73)-31"18/19"</subfield><subfield code="v">BN</subfield><subfield code="z">por</subfield></datafield><datafield tag="700" ind1=" " ind2="1"><subfield code="a">Hemingway</subfield><subfield code="b">Ernest</subfield><subfield code="f">1899-1961</subfield></datafield><datafield tag="702" ind1=" " ind2="1"><subfield code="a">Sampaio</subfield><subfield code="b">Ana Maria</subfield><subfield code="4">730</subfield></datafield><datafield tag="801" ind1=" " ind2="0"><subfield code="a">PT</subfield><subfield code="b">Biblioteca Municipal de Montalegre</subfield><subfield code="g">RPC</subfield></datafield><datafield tag="856" ind1=" " ind2=" "><subfield code="u">locateMedia.asp?cod=20060517151926&amp;ext=jpg</subfield><subfield code="z">CAPA</subfield></datafield><datafield tag="909" ind1="&#9;" ind2=" "><subfield code="a">1</subfield></datafield><datafield tag="966" ind1=" " ind2=" "><subfield code="a">0008571</subfield><subfield code="l">BMM</subfield><subfield code="s">SCG 821 HEM jar 288</subfield></datafield></record></collection>